% Encoding: UTF-8
@book{Russell:2009:AIM:1671238,
  author = {Russell, Stuart and Norvig, Peter},
  title = {Artificial Intelligence: A Modern Approach},
  year = {2009},
  isbn = {0136042597, 9780136042594},
  edition = {3rd},
  publisher = {Prentice Hall Press},
  address = {Upper Saddle River, NJ, USA},
}

@Misc{Natali2019,
  author       = {Natali, Antonio},
  title        = {{S}oftware {L}ab for {C}ourse 72939 : {S}oftware {S}ystems {E}ngineering {M}},
  howpublished = {\url{https://github.com/anatali/iss2019Lab}},
  year         = {2019},
  commit       = {9331c0f19b634a32d01621d55d20291cf255c57e},
  journal      = {GitHub repository},
  publisher    = {GitHub},
  url          = {http://htmlpreview.github.io/?https://github.com/anatali/iss2019Lab/blob/master/LectureBologna1819.html},
}

@Misc{Natali2018,
  author       = {Natali, Antonio},
  title        = {{R}eading material for {I}ngegneria dei {S}istemi {S}oftware 2018 {U}nibo-{DISI}-{AN}},
  howpublished = {\url{https://github.com/anatali/iss2018}},
  year         = {2018},
  commit       = {53ebae80945624bdb1aeadab14b233410e3991b7},
  journal      = {GitHub repository},
  publisher    = {GitHub},
  url          = {http://htmlpreview.github.io/?https://github.com/anatali/iss2018/blob/master/it.unibo.issMaterial/issdocs/Material/LectureCesena1819.html},
}

@Comment{jabref-meta: databaseType:bibtex;}
